@unpublished{huber,
        author = "Johannes Huber",
        title = "Skriptum zur {V}orlesung {N}achrichtentechnische {S}ysteme",
        year   = "WS 2016/17",
        note = "Friedrich-Alexander-Universität Erlangen-Nürnberg"
}

@Book{friedrichs,
  author    = "Bernd Friedrichs",
  title     = "Kanalcodierung - {G}rundlagen und {A}nwendungen in modernen {K}ommunikationssystemen",
  publisher = "Springer-Verlag",
  year      = "1995",
  series    = "Information und {K}ommunikation"
}

@Book{mackay,
  author    = "David John Cameron MacKay",
  title     = "Information Theory, Inference, and Learning Algorithms",
  publisher = "Cambridge University Press",
  month     = "March",
  year      = "2005",
  edition   = "7.2 (fourth printing)",
  note      = {\url{https://inference.org.uk/itila/p0.html}}
}

@misc{isbn,
  author = {{Sakurambo on Wikipedia.org}},
  title = "A description of the elements in an {ISBN} barcode",
  year = "2007",
  url = "https://en.wikipedia.org/wiki/File:ISBN_Details.svg",
  note = "[Online; accessed 27-January-2020]"
}

@misc{huffman,
  author = {{Cmglee on Wikipedia.org}},
  title = "Visualisation of the use of {H}uffman coding",
  year = "2017",
  url = "https://commons.wikimedia.org/wiki/File:Huffman_coding_visualisation.svg",
  note = "[Online; accessed 27-January-2020]"
}